@book{triuzzisorrentinoriccio,
  title={test},
  author={testauthor},
  isbn={2632127},
  url={t.com},
  year={1999},
  publisher={Publisher}
}
